@book{peddie2013history,
	language = {english},
	author    = {Peddie, Jon},
	title     = {The History of Visual Magic in Computers: How Beautiful Images are Made in CAD, 3D, VR and AR},
	publisher = {--~New York: Springer},
	year      = {2013},
	pages     = {101}
}

@misc{ISO14882_2020,
	title        = {Документация ISO/IEC 14882:2020 [Электронный ресурс]},
	howpublished = {Режим доступа: \url{https://www.iso.org/standard/79358.html} (Дата обращения: 20.10.2024)},
}

@misc{vscode,
	title        = {Документация среды разработки Visual Studio Code [Электронный ресурс]},
	howpublished = {Режим доступа: \url{https://code.visualstudio.com/docs} (Дата обращения: 20.10.2024)},
}

@book{beklemishev1984geometry,
	author    = {Беклемишев, Д.В.},
	title     = {Курс аналитической геометрии и линейной алгебры: учебное пособие для физико--математических и инженерно--физических специальностей вузов},
	publisher = {Наука},
	year      = {1984},
	address   = {--~М.},
}

@book{lengyel2011mathematics,
	author = {Eric Lengyel},
	title = {Mathematics for 3D Game Programming and Computer Graphics},
	edition = {3rd},
	publisher = {Course Technology, Cengage Learning},
	year = {2011},
	address   = {-- Boston, USA},
	language = {english},
}

@book{vaughan2012digital,
	author    = {William Vaughan},
	title     = {Digital Modeling},
	year      = {2012},
	publisher = {New Riders},
	address   = {--~Berkeley, CA},
	language = {english},
}

@book{shapiro2001solid,
	author    = {V. Shapiro},
	title     = {Solid Modeling},
	publisher = {Elsevier},
	year      = {2001},
	address   = {--~Madison, USA},
	language = {english},
}

@book{moller2018real,
	author = {Tomas Akenine--Möller},
	title = {Real-Time Rendering},
	edition = {Fourth edition},
	year = {2018},
	publisher = {Taylor \& Francis, CRC Press},
	address = {--~Boca Raton, USA},
	language = {english},
}

@book{Zadorozhny2020,
	author    = {Задорожный, А.Г.},
	title     = {Модели освещения и алгоритмы затенения в компьютерной графике: учебное пособие},
	year      = {2020},
	publisher = {НГТУ},
	address   = {--~Новосибирск},
}

@article{phong1975illumination,
	author       = {Bui Tuong Phong},
	title        = {Illumination for Computer Generated Pictures},
	journal      = {Communications of the ACM},
	volume       = {18},
	number       = {6},
	pages        = {311--317},
	year         = {1975},
	month        = {June},
	language = {english},
}

@misc{intel,
	title = "Документация процессора Intel Core i5-10210U [Электронный ресурс]",
	howpublished="Режим доступа: \url{https://ark.intel.com/content/www/us/en/ark/products/195436/intel-core-i510210u-processor-6m-cache-up-to-4-20-ghz.html} (Дата обращения: 17.10.2024)",
}

@misc{macos,
	title = "Руководство пользователя macOS 14.6 [Электронный ресурс]",
	howpublished="Режим доступа: \url{https://developer.apple.com/documentation/macos-release-notes/macos-14_6-release-notes} (Дата обращения: 15.11.2024)",
}



